@book{munzner2014,
    author={Munzner, Tamara},
    publisher={CRC Press},
    address={Boca Raton, FL, USA},
    title={{Visualization Analysis \& Design}},
    year={2014}
}

@book{few2004,
    author = {Few, Stephen},
    publisher = {Analytics Press},
    address = {Oakland, CA, USA},
    title = {Show Me the Numbers: Designing Tables and Graphcs to Englighten},
    year = {2004}
}

@book{tufte2001,
    author = {Tufte, Edward R.},
    publisher = {Graphics Press},
    address = {Cheshire, CT, USA},
    title = {The Visual Display of Quantitative Information},
    year = {2001}
}

@book{maceachren2004maps,
  title={How Maps Work: Representation, Visualization, and Design},
  author={MacEachren, A.M.},
  isbn={9781572300408},
  lccn={2005276848},
  url={https://books.google.com/books?id=xhAvN3B0CkUC},
  year={2004},
  publisher={Guilford Press}
}

@misc {gdal-site,
    key={{GDAL - Geospatial Data Abstraction Library}},
    title={{GDAL - Geospatial Data Abstraction Library}},
    howpublished={\url{http://www.gdal.org/index.html}}
}

@misc{hrpdc-maps-gis,
    key={{HRPDC: Maps and GIS}},
    title={{HRPDC: Maps and GIS}},
    howpublished={\url{http://www.hrpdcva.gov/page/maps-and-gis/}}
}

@article{Heer:2010:TTV:1743546.1743567,
    author = {Heer, Jeffrey and Bostock, Michael and Ogievetsky, Vadim},
    title = {A Tour Through the Visualization Zoo},
    journal = {Commun. ACM},
    issue_date = {June 2010},
    volume = {53},
    number = {6},
    month = jun,
    year = {2010},
    issn = {0001-0782},
    pages = {59--67},
    numpages = {9},
    url = {http://doi.acm.org/10.1145/1743546.1743567},
    doi = {10.1145/1743546.1743567},
    acmid = {1743567},
    publisher = {ACM},
    address = {New York, NY, USA},
    howpublished={\url{http://doi.acm.org/10.1145/1743546.1743567}},
} 

@article{Heer:2012:IDV:2133806.2133821,
    author = {Heer, Jeffrey and Shneiderman, Ben},
    title = {Interactive Dynamics for Visual Analysis},
    journal = {Commun. ACM},
    issue_date = {April 2012},
    volume = {55},
    number = {4},
    month = apr,
    year = {2012},
    issn = {0001-0782},
    pages = {45--54},
    numpages = {10},
    url = {http://doi.acm.org/10.1145/2133806.2133821},
    doi = {10.1145/2133806.2133821},
    acmid = {2133821},
    publisher = {ACM},
    address = {New York, NY, USA},
} 

@misc{census-naics,
    key={{North American Industry Classification System}},
    title={{North American Industry Classification System}},
    howpublished={\url{http://www.census.gov/eos/www/naics/}}
}

@misc{lets-make-map,
    author={Bostock, Mike},
    title={{Let's Make a Map}},
    year={2012},
    month=dec,
    howpublished={\url{http://bost.ocks.org/mike/map/}}
}

@misc{openrefine,
    key={{OpenRefine}},
    title={{OpenRefine}},
    howpublished={\url{http://openrefine.org}}
}

@article{colorbrewer,
    author = {Mark Harrower and Cynthia A. Brewer},
    title = {ColorBrewer.org: An Online Tool for Selecting Colour Schemes for Maps},
    journal = {The Cartographic Journal},
    volume = {40},
    number = {1},
    pages = {27-37},
    year = {2003},
    doi = {10.1179/000870403235002042},
    url = {http://dx.doi.org/10.1179/000870403235002042},
    eprint = {http://dx.doi.org/10.1179/000870403235002042}
}

@misc{online-json-viewer,
    author = {Turi, Gabor},
    title = {Online JSON Viewer},
    year = {2009},
    howpublished={\url{http://jsonviewer.stack.hu}}
}

@misc{npm,
    key = {npm},
    title = {{npm}},
    howpublished={\url{https://www.npmjs.com}}
}

@misc{usaspending,
    key = {{USA Spending.gov}},
    title = {{USA Spending.gov}},
    howpublished = {\url{https://www.usaspending.gov/Pages/Default.aspx}}
}

@misc{csvstandard,
    author = {Shafranovich, Y.},
    title = {{RFC 4180: Common Format and MIME Type for Comma-Separated Values (CSV) Files}},
    howpublished = {\url{https://tools.ietf.org/html/rfc4180}},
    year = {2005}
}

@misc{shapefilestandard,
    author = {{Environmental Systems Research Institute, Inc.}},
    title = {{ESRI Shapefile Technical Description}},
    year = {1998},
    howpublished = {\url{http://www.esri.com/library/whitepapers/pdfs/shapefile.pdf}}
}

@misc{topojsonstandard,
    author = {Bostock, Mike and Metcalf, Calvin},
    title = {{The TopoJSON Format Specification}},
    year = {2013},
    howpublished = {\url{https://github.com/topojson/topojson-specification/blob/master/README.md}}
}

@misc{topojsontool,
    key = {TopoJSON},
    title = {TopoJSON},
    year = {2015},
    howpublished = {\url{https://github.com/mbostock/topojson}}
}

@misc{geojsonstandard,
    author = {Howard Butler and Martin Daly and Allan Doyle and Sean Gillies and Tim Schaub and Christopher Schmidt},
    title = {{The GeoJSON Format Specification}},
    year = {2008},
    howpublished = {\url{http://geojson.org/geojson-spec.html}}
}
